@online{swi,
	title = {{SWI-Prolog}},
	url = {https://www.swi-prolog.org/},
	urldate = {\today}
}

@article{wielemaker2012swi,
	title={Swi-prolog},
	author={Wielemaker, Jan and Schrijvers, Tom and Triska, Markus and Lager, Torbj{\"o}rn},
	journal={Theory and Practice of Logic Programming},
	volume={12},
	number={1-2},
	pages={67--96},
	year={2012},
	publisher={Cambridge University Press}
}
